

@misc{ 	Rettifica,
		author = "Moro Federico",
		title = "Dimmelo",
		year = "2013" }

@misc{ 	canny,
		author = "J. Canny",
		title = "A Computational Approach to Edge Detection, IEEE Trans. on Pattern
		Analysis and Machine Intelligence, 8(6), pp. 679-698",
		year = "1986"
}

@misc{ 	vanish,
		author = "Thorsten Suttorp, Thomas Bucher",
		title = "Robust Vanishing Point Estimation for Driver Assistance",
		year = "2006"
}

